@article{long2024global,
  title={On Global Error Bounds for Convex Inequalities Systems},
  author={Long, Vo Si Trong},
  journal={Journal of Optimization Theory and Applications},
  pages={1--26},
  year={2024},
  publisher={Springer}
}