@book{robinson2012course,
  title={A Course in the Theory of Groups},
  author={Robinson, Derek JS},
  volume={80},
  year={2012},
  publisher={Springer Science \& Business Media}
}

@book{gibson2003elementary,
  title={Elementary Euclidean geometry: an introduction},
  author={Gibson, Christopher G},
  year={2003},
  publisher={Cambridge University Press}
}

@misc{ChuaNote,
    title={Groups Lecture Notes's J.Goedecke},
    publisher={Cambridge University},
    author={Dexter Chua},
    year={2014},
}